@misc{webvitalswebsite,
  author = {Philip Walton},
  title  = {Web Vitals},
  url    = {https://web.dev/vitals/}
}

@misc{awscdk,
  author = {AWS},
  title  = {AWS CDK},
  url    = {https://aws.amazon.com/cdk/}
}